<record><leader>00000cas a22000007a 4500</leader><controlfield tag="001">17021169</controlfield><controlfield tag="008">871124d18931905couwr ne      0    0eng d</controlfield><datafield ind1=" " ind2=" " tag="010"><subfield code="a">sn 87068531 </subfield></datafield><datafield ind1=" " ind2=" " tag="040"><subfield code="a">NJW</subfield><subfield code="b">eng</subfield><subfield code="c">NJW</subfield><subfield code="d">CNQ</subfield><subfield code="d">OCLCQ</subfield></datafield><datafield ind1=" " ind2=" " tag="042"><subfield code="a">msc</subfield></datafield><datafield ind1="0" ind2="4" tag="245"><subfield code="a">The Mancos times.</subfield></datafield><datafield ind1=" " ind2=" " tag="260"><subfield code="a">Mancos, Colo. :</subfield><subfield code="b">C.M. Danford,</subfield><subfield code="c">1893-</subfield></datafield><datafield ind1=" " ind2=" " tag="300"><subfield code="a">v.</subfield></datafield><datafield ind1=" " ind2=" " tag="310"><subfield code="a">Weekly</subfield></datafield><datafield ind1="0" ind2=" " tag="362"><subfield code="a">Vol. 1, no. 1 (Apr. 28, 1893)-[v. 13], no. 35 (Dec. 8, 1905).</subfield></datafield><datafield ind1=" " ind2=" " tag="530"><subfield code="a">Available on microfilm from the Colorado Historical Society.</subfield></datafield><datafield ind1=" " ind2=" " tag="752"><subfield code="a">United States</subfield><subfield code="b">Colorado</subfield><subfield code="c">Montezuma</subfield><subfield code="d">Mancos.</subfield></datafield><datafield ind1="0" ind2="7" tag="785"><subfield code="t">Mancos tribune</subfield></datafield><datafield ind1="0" ind2="7" tag="785"><subfield code="t">Mancos times-tribune</subfield><subfield code="w">(DLC)sn 90051343</subfield></datafield></record>